<?xml version="1.0" encoding="UTF-8"?><collection xmlns="http://www.loc.gov/MARC21/slim"><record><leader>00437nam--2200169-u-4500</leader><controlfield tag="001">000055472</controlfield><controlfield tag="002">20161230</controlfield><controlfield tag="005">20170108235708</controlfield><controlfield tag="008">130212s1000------------r-----000-0-eng-d</controlfield><datafield ind1=" " ind2=" " tag="040"><subfield code="a">IFIN-HH</subfield></datafield><datafield ind1=" " ind2=" " tag="080"><subfield code="a">413.232=3=S:53</subfield></datafield><datafield ind1="1" ind2=" " tag="110"><subfield code="a">Universitet Imeni Lomonosova</subfield></datafield><datafield ind1="1" ind2="0" tag="245"><subfield code="a">Nemetko-russkii slovari po fizike</subfield></datafield><datafield ind1=" " ind2=" " tag="260"><subfield code="a">Moskva</subfield><subfield code="b">Moskovskogo Universiteta</subfield><subfield code="c">?</subfield></datafield><datafield ind1=" " ind2=" " tag="300"><subfield code="a">508P</subfield></datafield><datafield ind1=" " ind2=" " tag="852"><subfield code="a">D.172</subfield><subfield code="c">SLF</subfield></datafield><datafield ind1=" " ind2=" " tag="CAT"><subfield code="a">SYS</subfield><subfield code="c">20170108</subfield><subfield code="h">235708</subfield></datafield></record></collection>